

@Comment{generado con gbTeXpublisher; databaseType:biblatex; fecha de creaciÃ³n: 23/06/2025;}